@article{hsiao2016,
author = {Victoria Hsiao and Yutaka Hori and Paul WK Rothemund and Richard M Murray},
doi = {10.15252/msb.20156663},
journal = {Molecular Systems Biology},
number = {12},
volume = {869},
title = {{A population‚Äêbased temporal logic gate for timing and recording chemical events}},
year = {2016}
}

@article{roquet2016,
author = {Nathaniel Roquet and Ava P. Soleimany and Alyssa C. Ferris and Scott Aaronson and Timothy K. Lu},
doi = {DOI: 10.1126/science.aad8559},
journal = {Science},
volume = {353},
issue = {6297},
number = {aad8559},
title = {{Synthetic recombinase-based state machines in living cells}},
year = {2016}
}

@article{Jones2017,
author = {Daniel Lawson Jones and Prune Leroy and Cecilia Unoson and David Fange and Vladimir \'{C}uri\'{c} and Michael J. Lawson and Johan Elf},
doi = {10.1126/science.aah7084},
volume = {357},
issue = {6358},
pages = {1420--1424},
journal = {Science},
title = {{Kinetics of dCas9 target search in \textit{Escherichia coli}}},
year = {2017}
}

@article{Shao2021,
author = {Bin Shao and Jayan Rammohan and Daniel A. Anderson and Nina Alperovich and David Ross and Christopher A. Voigt},
doi = {10.1038/s41467-021-21734-y},
number = {12},
volume = {1475},
title = {{Single-cell measurement of plasmid copy number and promoter activity}},
journal = {Nature Communications},
year = {2021}
}

@article{Brendel1993,
author = {Volker Brendel and Alan S. Perelson},
doi = {10.1006/jmbi.1993.1092},
volume = {229},
issue = {4},
journal = {Journal of Molecular Biology},
title = {{Quantitative Model of ColE1 Plasmid Copy Number Control}},
year = {1993}
}

@article{Freudenau2015,
author = {Inga Freudenau and Petra Lutter and Ruth Baier and Martin Schleef and Hanna Bednarz and Alvaro R. Lara and Karsten Niehaus},
doi = {10.3389/fbioe.2015.00127},
title = {{ColE1-plasmid production in \emph{Escherichia coli}: mathematical simulation and experimental validation}},
journal = {Frontiers in Bioengineering and Biotechnology},
year = {2015}
}

@article{Gillespie1992,
author = {Daniel T. Gillespie},
doi = {10.1016/0378-4371(92)90283-V},
volume = {188},
issue = {1--3},
title = {{A rigorous derivation of the chemical master equation}},
journal = {Physica A: Statistical Mechanics and its Applications},
year = {1992}
}

@article{McQuarrie1967,
author = {Donald A. McQuarrie},
doi = {DOI: https://doi.org/10.2307/3212214},
issue = {3},
volume = {4},
pages = {413--478},
title = {{Stochastic Approach to Chemical Kinetics}},
journal = {Journal of Applied Probability},
year = {1967}
}

@article{Gillespie1977,
author = {Daniel T. Gillespie},
doi = {10.1021/j100540a008},
number = {25},
volume = {81},
pages = {2340--2361},
title = {{Exact stochastic simulation of coupled chemical reactions}},
journal = {Journal of Physical Chemistry},
year = {1977}
}

@article{Gardner2000,
author = {Timothy S. Gardner and Charles R. Cantor and James J. Collins},
doi = {10.1038/35002131},
volume = {403},
pages = {339-342},
title = {{Construction of a genetic toggle switch in \emph{Escherichia coli}}},
journal = {Nature},
year = {2000}}

@article{Kiani2014,
author = {Samira Kiani and Jacob Beal and Mohammad R. Ebrahimkhani and Jin Huh and Ricahrd N. Hall and Zhen Xie and Yinqing Li and Ron Weiss},
doi = {10.1038/nmeth.2969},
number = {11},
pages = {723--726},
title = {{CRISPR transcriptional repression devices and layered circuits in mammalian cells}},
journal = {Nature Methods},
year = {2014}
}

@article{Nielsen2014,
author = {Alec A. K. Nielsen and Christopher A. Voigt},
doi = {10.15252/msb.20145735},
number = {11},
volume = {10},
pages = {763},
title = {{Multi-input CRISPR/Cas genetic circuits that interface host regulatory networks}},
journal = {Molecular Systems Biology},
year = {2014}
}

@article{Gander2017,
author = {Miles W. Gander and Justin D. Vrana and William E. Voje and James M. Carothers and Eric Klavins},
doi = {10.1038/ncomms15459},
number = {1},
volume = {8},
pages = {15459},
title = {{Digital logic circuits in yeast with CRISPR-dCas9 NOR gates}},
journal = {Nature Communications},
year = {2016}
}

@article{Clamons2017,
author = {Samuel E. Clamons and Richard M. Murray},
doi = {10.1101/225318},
title = {{Modeling Dynamic Transcriptional Circuits with CRISPRi}},
journal = {bioRxiv},
year = {2017}
}

@article{Javier2020,
author = {Javier Santos-Moreno and Eve Tasiudi and Joerg Stelling and Yolanda Schaerli},
doi = {10.1038/s41467-020-16574-1},
title = {{Multistable and dynamic CRISPRi-based synthetic circuits}},
journal = {Nature Communications},
volume = {11},
number = {2746},
year = {2020}
}

@article{Zhang2018,
author = {Shuyi Zhang and Christopher A. Voigt},
doi = {10.1093/narlgky884},
title = {{Engineered dCas9 with reduced toxicity in bacteria: impliciations for genetic circuit design}},
journal = {Nucleic Acids Research},
year = {2018}
}

@article{Elowitz2000,
author = {Michael B. Elowitz and Stanislas Leibler},
doi = {10.1038/35002125},
number = {6767},
volume = {403},
pages = {335--338},
title = {{A synthetic oscillatory network of transcriptional regulators}},
journal = {Nature},
year = {2000}
}

@article{Hucka2001,
author = {Michael Hucka and Andrew Finney and Herbert Sauro and Hamid Bolouri},
title = {{Systems Biology Markup Language (SBML) Level 1: Structures and Facilities for Basic Model Definitions.}},
url = {http://identifiers.org/combine.specifications/sbml.level-1.version-2},
year = {2001}
}

@article{,
author = {},
doi = {},
number = {},
volume = {},
issue = {},
pages = {},
title = {{}},
journal = {},
year = {}
}